% not working: 58, 70, 71, 72, 99
% 1
@article{klein2011role,
  title={A role for the right superior temporal sulcus in categorical perception of musical chords},
  author={Klein, Mike E and Zatorre, Robert J},
  journal={Neuropsychologia},
  volume={49},
  number={5},
  pages={878--887},
  year={2011},
  publisher={Elsevier}
}

% 2
@article{burns1978categorical,
  title={Categorical perceptionâ€”phenomenon or epiphenomenon: Evidence from experiments in the perception of melodic musical intervals},
  author={Burns, Edward M and Ward, W Dixon},
  journal={The Journal of the Acoustical Society of America},
  volume={63},
  number={2},
  pages={456--468},
  year={1978},
  publisher={Acoustical Society of America}
}

% 3
@article{zatorre1979identification,
  title={Identification, discrimination, and selective adaptation of simultaneous musical intervals},
  author={Zatorre, Robert J and Halpern, Andrea R},
  journal={Perception \& Psychophysics},
  volume={26},
  number={5},
  pages={384--395},
  year={1979},
  publisher={Springer}
}

% 4
@article{schwenzer2011numeric,
  title={Numeric aspects in pitch identification: an fMRI study},
  author={Schwenzer, Michael and Mathiak, Klaus},
  journal={BMC neuroscience},
  volume={12},
  number={1},
  pages={26},
  year={2011},
  publisher={Springer}
}

% 5
@article{castelli2006discrete,
  title={Discrete and analogue quantity processing in the parietal lobe: A functional MRI study},
  author={Castelli, Fulvia and Glaser, Daniel E and Butterworth, Brian},
  journal={Proceedings of the National Academy of Sciences},
  volume={103},
  number={12},
  pages={4693--4698},
  year={2006},
  publisher={National Acad Sciences}
}

% 6
@article{leipold2019absolute,
  title={Absolute and relative pitch processing in the human brain: neural and behavioral evidence},
  author={Leipold, Simon and Brauchli, Christian and Greber, Marielle and J{\"a}ncke, Lutz},
  journal={Brain Structure and Function},
  volume={224},
  number={5},
  pages={1723--1738},
  year={2019},
  publisher={Springer}
}

% 7
@article{nolden2013retention,
  title={The retention of simultaneous tones in auditory short-term memory: a magnetoencephalography study},
  author={Nolden, Sophie and Grimault, Stephan and Guimond, Synthia and Lefebvre, Christine and Bermudez, Patrick and Jolicoeur, Pierre},
  journal={NeuroImage},
  volume={82},
  pages={384--392},
  year={2013},
  publisher={Elsevier}
}

% 8
@article{wright2007perceptual,
  title={Perceptual learning: how much daily training is enough?},
  author={Wright, Beverly A and Sabin, Andrew T},
  journal={Experimental Brain Research},
  volume={180},
  number={4},
  pages={727--736},
  year={2007},
  publisher={Springer}
}

% 9
@article{roth2005latent,
  title={A latent consolidation phase in auditory identification learning: Time in the awake state is sufficient},
  author={Roth, Daphne Ari-Even and Kishon-Rabin, Liat and Hildesheimer, Minka and Karni, Avi},
  journal={Learning \& Memory},
  volume={12},
  number={2},
  pages={159--164},
  year={2005},
  publisher={Cold Spring Harbor Lab}
}

% 10
@article{hauptmann2002primed,
  title={From primed to learn: the saturation of repetition priming and the induction of long-term memory},
  author={Hauptmann, B and Karni, A},
  journal={Cognitive Brain Research},
  volume={13},
  number={3},
  pages={313--322},
  year={2002},
  publisher={Elsevier}
}

% 11
@article{crowder1984perception,
  title={Perception of the major/minor distinction: I. Historical and theoretical foundations.},
  author={Crowder, Robert G},
  journal={Psychomusicology: a journal of research in music cognition},
  volume={4},
  number={1-2},
  pages={3},
  year={1984},
  publisher={Stephen F. Austin State University}
}

% 12
@book{thompson2015music,
  title={Music, thought, and feeling: Understanding the psychology of music},
  author={Thompson, William Forde},
  year={2015},
  publisher={Oxford university press}
}

% 13
@article{terhardt1984concept,
  title={The concept of musical consonance: A link between music and psychoacoustics},
  author={Terhardt, Ernst},
  journal={Music perception},
  volume={1},
  number={3},
  pages={276--295},
  year={1984},
  publisher={University of California Press}
}

% 14
@article{ross2007musical,
  title={Musical intervals in speech},
  author={Ross, Deborah and Choi, Jonathan and Purves, Dale},
  journal={Proceedings of the National Academy of Sciences},
  volume={104},
  number={23},
  pages={9852--9857},
  year={2007},
  publisher={National Acad Sciences}
}

% 15
@article{terhardt1974pitch,
  title={Pitch, consonance, and harmony},
  author={Terhardt, Ernst},
  journal={The Journal of the Acoustical Society of America},
  volume={55},
  number={5},
  pages={1061--1069},
  year={1974},
  publisher={Acoustical Society of America}
}

% 16
@article{mclachlan2011neurocognitive,
  title={A neurocognitive model of recognition and pitch segregation},
  author={McLachlan, Neil},
  journal={The Journal of the Acoustical Society of America},
  volume={130},
  number={5},
  pages={2845--2854},
  year={2011},
  publisher={Acoustical Society of America}
}

% 17
@article{huron1991tonal,
  title={Tonal consonance versus tonal fusion in polyphonic sonorities},
  author={Huron, David},
  journal={Music Perception},
  volume={9},
  number={2},
  pages={135--154},
  year={1991},
  publisher={University of California Press}
}

% 18

@article{huron2008asynchronous,
  title={Asynchronous preparation of tonally fused intervals in polyphonic music},
  author={Huron, David},
  year={2008},
  publisher={Empirical Musicology Review}
}

% 19
@article{demany2005binding,
  title={On the binding of successive sounds: Perceiving shifts in nonperceived pitches},
  author={Demany, Laurent and Ramos, Christophe},
  journal={The Journal of the Acoustical Society of America},
  volume={117},
  number={2},
  pages={833--841},
  year={2005},
  publisher={Acoustical Society of America}
}

% 20
@article{plantinga2014revisiting,
  title={Revisiting the innate preference for consonance.},
  author={Plantinga, Judy and Trehub, Sandra E},
  journal={Journal of Experimental Psychology: Human Perception and Performance},
  volume={40},
  number={1},
  pages={40},
  year={2014},
  publisher={American Psychological Association}
}

% 21
@book{bregman1994auditory,
  title={Auditory scene analysis: The perceptual organization of sound},
  author={Bregman, Albert S},
  year={1994},
  publisher={MIT press}
}

% 22
@article{huron2001tone,
  title={Tone and voice: A derivation of the rules of voice-leading from perceptual principles},
  author={Huron, David},
  journal={Music Perception},
  volume={19},
  number={1},
  pages={1--64},
  year={2001},
  publisher={University of California Press}
}

% 23
@article{carlyon2004brain,
  title={How the brain separates sounds},
  author={Carlyon, Robert P},
  journal={Trends in cognitive sciences},
  volume={8},
  number={10},
  pages={465--471},
  year={2004},
  publisher={Elsevier}
}

% 24
@article{bidet2009neurophysiological,
  title={Neurophysiological mechanisms involved in auditory perceptual organization},
  author={Bidet-Caulet, Aurelie and Bertrand, Olivier},
  journal={Frontiers in neuroscience},
  volume={3},
  pages={25},
  year={2009},
  publisher={Frontiers}
}

% 25
@book{deutsch2013psychology,
  title={Psychology of music},
  author={Deutsch, Diana},
  year={2013},
  publisher={Elsevier}
}

% 26
@article{attneave1971pitch,
  title={Pitch as a medium: A new approach to psychophysical scaling},
  author={Attneave, Fred and Olson, Richard K},
  journal={The American journal of psychology},
  pages={147--166},
  year={1971},
  publisher={JSTOR}
}

% 27
@article{dowling1981importance,
  title={The importance of interval information in long-term memory for melodies.},
  author={Dowling, W Jay and Bartlett, James C},
  journal={Psychomusicology: A Journal of Research in Music Cognition},
  volume={1},
  number={1},
  pages={30},
  year={1981},
  publisher={Stephen F. Austin State University}
}

% 28
@article{dowling1978scale,
  title={Scale and contour: Two components of a theory of memory for melodies.},
  author={Dowling, W Jay},
  journal={Psychological review},
  volume={85},
  number={4},
  pages={341},
  year={1978},
  publisher={American Psychological Association}
}

% 29
@article{ilie2006comparison,
  title={A comparison of acoustic cues in music and speech for three dimensions of affect},
  author={Ilie, Gabriella and Thompson, William Forde},
  journal={Music Perception},
  volume={23},
  number={4},
  pages={319--330},
  year={2006},
  publisher={University of California Press USA}
}

% 30
@article{ilie2011experiential,
  title={Experiential and cognitive changes following seven minutes exposure to music and speech},
  author={Ilie, Gabriela and Thompson, William Forde},
  journal={Music Perception},
  volume={28},
  number={3},
  pages={247--264},
  year={2011},
  publisher={University of California Press USA}
}

% 31
@article{husain20wf,
  title={WF, \& Schellenberg, EG (2002) Effects of musical tempo and mode on arousal, mood and spatial abilities},
  author={Husain, G Thompson},
  journal={Music Perception},
  volume={20},
  number={2},
  pages={151--171}
}

% 32
@article{mcdermott2008music,
  title={Music perception, pitch, and the auditory system},
  author={McDermott, Josh H and Oxenham, Andrew J},
  journal={Current opinion in neurobiology},
  volume={18},
  number={4},
  pages={452--463},
  year={2008},
  publisher={Elsevier}
}

% 33
@article{demany2011implicit,
  title={Implicit versus explicit frequency comparisons: Two mechanisms of auditory change detection.},
  author={Demany, Laurent and Semal, Catherine and Pressnitzer, Daniel},
  journal={Journal of Experimental Psychology: Human Perception and Performance},
  volume={37},
  number={2},
  pages={597},
  year={2011},
  publisher={American Psychological Association}
}

% 34
@article{krumhansl1979psychological,
  title={The psychological representation of musical pitch in a tonal context},
  author={Krumhansl, Carol L},
  journal={Cognitive psychology},
  volume={11},
  number={3},
  pages={346--374},
  year={1979},
  publisher={Elsevier}
}

% 35
@book{sethares2005tuning,
  title={Tuning, timbre, spectrum, scale},
  author={Sethares, William A},
  year={2005},
  publisher={Springer Science \& Business Media}
}

% 37
@article{deutsch1974error,
  title={Error patterns in delayed pitch comparison as a function of relational context.},
  author={Deutsch, Diana and Roll, Philip L},
  journal={Journal of Experimental Psychology},
  volume={103},
  number={5},
  pages={1027},
  year={1974},
  publisher={American Psychological Association}
}

% 38
@article{plomp1973musical,
  title={Musical interval recognition with simultaneous tones},
  author={Plomp, R and Wagenaar, WA and Mimpen, AM},
  journal={Acta Acustica united with Acustica},
  volume={29},
  number={2},
  pages={101--109},
  year={1973},
  publisher={S. Hirzel Verlag}
}

% 39
@article{deutsch1972octave,
  title={Octave generalization and tune recognition},
  author={Deutsch, Diana},
  journal={Perception \& Psychophysics},
  volume={11},
  number={6},
  pages={411--412},
  year={1972},
  publisher={Springer}
}

% 40
@article{deutsch1975facilitation,
  title={Facilitation by repetition in recognition memory for tonal pitch},
  author={Deutsch, Diana},
  journal={Memory \& Cognition},
  volume={3},
  number={3},
  pages={263--266},
  year={1975},
  publisher={Springer}
}

% 41
@book{hamaoui2006perceptual,
  title={The perceptual grouping of musical sequences: Pitch and timing as competing cues},
  author={Hamaoui, Kamil and Deutsch, Diana},
  year={2006},
  publisher={University of California, San Diego}
}

% 42
@article{deutsch1978delayed,
  title={Delayed pitch comparisons and the principle of proximity},
  author={Deutsch, Diana},
  journal={Perception \& Psychophysics},
  volume={23},
  number={3},
  pages={227--230},
  year={1978},
  publisher={Springer}
}

% 43
@phdthesis{aarden2003dynamic,
  title={Dynamic melodic expectancy},
  author={Aarden, Bret J},
  year={2003},
  school={The Ohio State University}
}

% 44
@book{dowling1967rhythmic,
  title={Rhythmic fission and the perceptual organization of tone sequences},
  author={Dowling, W Jay},
  volume={1967},
  year={1967},
  publisher={Harvard University}
}

% 45
@article{merriam1956songs,
  title={Songs of a Rada community in Trinidad},
  author={Merriam, Alan P},
  journal={Anthropos},
  number={H. 1./2},
  pages={157--174},
  year={1956},
  publisher={JSTOR}
}

% 46
@article{ortmann1926melodic,
  title={On the melodic relativity of tones.},
  author={Ortmann, Otto},
  journal={Psychological Monographs},
  volume={35},
  number={1},
  pages={i},
  year={1926},
  publisher={Psychological Review Company}
}

% 47
@book{huron2006sweet,
  title={Sweet anticipation: Music and the psychology of expectation},
  author={Huron, David Brian},
  year={2006},
  publisher={MIT press}
}

% 48
@article{deutsch1970dislocation,
  title={Dislocation of tones in a musical sequence: a memory illusion},
  author={Deutsch, Diana},
  journal={Nature},
  volume={226},
  number={5242},
  pages={286--286},
  year={1970},
  publisher={Nature Publishing Group}
}

% 49
@article{deutsch1972effect,
  title={Effect of repetition of standard and of comparison tones on recognition memory for pitch.},
  author={Deutsch, Diana},
  journal={Journal of Experimental Psychology},
  volume={93},
  number={1},
  pages={156},
  year={1972},
  publisher={American Psychological Association}
}

% 50
@article{erickson1984perceptual,
  title={A perceptual substrate for tonal centering?},
  author={Erickson, Robert},
  journal={Music Perception},
  volume={2},
  number={1},
  pages={1--5},
  year={1984},
  publisher={University of California Press}
}

% 51
@phdthesis{kim2011tonality,
  title={Tonality in Music Arises from Perceptual Organization},
  author={Kim, Ji Chul},
  year={2011},
  school={Northwestern University}
}

% 52
@article{vos1989ascending,
  title={Ascending and descending melodic intervals: Statistical findings and their perceptual relevance},
  author={Vos, Piet G and Troost, Jim M},
  journal={Music Perception},
  volume={6},
  number={4},
  pages={383--396},
  year={1989},
  publisher={University of California Press}
}

% 54
@book{meyer2008emotion,
  title={Emotion and meaning in music},
  author={Meyer, Leonard B},
  year={2008},
  publisher={University of chicago Press}
}

% 55
@book{narmour1990analysis,
  title={The analysis and cognition of basic melodic structures: The implication-realization model.},
  author={Narmour, Eugene},
  year={1990},
  publisher={University of Chicago Press}
}

% 56
@inproceedings{von2002melodic,
  title={Melodic-expectation rules as learned heuristics},
  author={von Hippel, Paul},
  booktitle={Proceedings of the 7th International Conference on Music Perception and Cognition, Sydney},
  year={2002}
}

% 58
% ?????????????????????????

% 59
@article{han2011co,
  title={Co-variation of tonality in the music and speech of different cultures},
  author={Han, Shui'er and Sundararajan, Janani and Bowling, Daniel Liu and Lake, Jessica and Purves, Dale},
  journal={PLoS One},
  volume={6},
  number={5},
  pages={e20160},
  year={2011},
  publisher={Public Library of Science}
}

% 60
@book{meyer1973explaining,
  title={Explaining music: Essays and explorations},
  author={Meyer, Leonard B},
  year={1973},
  publisher={Univ of California Press}
}

% 61
@book{narmour1992analysis,
  title={The analysis and cognition of melodic complexity: The implication-realization model},
  author={Narmour, Eugene},
  year={1992},
  publisher={University of Chicago Press}
}

% 62
@article{cuddy1995expectancies,
  title={Expectancies generated by melodic intervals: Perceptual judgments of melodic continuity},
  author={Cuddy, Lola L and Lunney, Carole A},
  journal={Perception \& Psychophysics},
  volume={57},
  number={4},
  pages={451--462},
  year={1995},
  publisher={Springer}
}

% 63
@article{pearce2006expectation,
  title={Expectation in melody: The influence of context and learning},
  author={Pearce, Marcus T and Wiggins, Geraint A},
  journal={Music Perception},
  volume={23},
  number={5},
  pages={377--405},
  year={2006},
  publisher={University of California Press USA}
}

% 64
@article{schellenberg1996expectancy,
  title={Expectancy in melody: Tests of the implication-realization model},
  author={Schellenberg, E Glenn},
  journal={Cognition},
  volume={58},
  number={1},
  pages={75--125},
  year={1996},
  publisher={Elsevier}
}

% 65
@article{schmuckler1989expectation,
  title={Expectation in music: Investigation of melodic and harmonic processes},
  author={Schmuckler, Mark A},
  journal={Music Perception},
  volume={7},
  number={2},
  pages={109--149},
  year={1989},
  publisher={University of California Press}
}

% 66
@article{thompson1998expectancy,
  title={Expectancy in Bohemian folk song melodies: Evaluation of implicative principles for implicative and closural intervals},
  author={Thompson, William Forde and Stainton, Murray},
  journal={Music Perception},
  volume={15},
  number={3},
  pages={231--252},
  year={1998},
  publisher={University of California Press}
}

% 67
@article{gjerdingen1988classic,
  title={A classic turn of phrase: Music and the psychology of convention},
  author={Gjerdingen, Robert O},
  year={1988},
  publisher={University of Pennsylvania Press}
}

% 68
@book{gjerdingen2007music,
  title={Music in the galant style},
  author={Gjerdingen, Robert and others},
  year={2007},
  publisher={OUP USA}
}

% 70
% ??????????????????????????????????

% 71
% ?????????????????????????????????

% 73
@article{dowling1991tonal,
  title={Tonal strength and melody recognition after long and short delays},
  author={Dowling, W Jay},
  journal={Perception \& Psychophysics},
  volume={50},
  number={4},
  pages={305--313},
  year={1991},
  publisher={Springer}
}

% 74
@article{dowling1986context,
  title={Context effects on melody recognition: Scale-step versus interval representations},
  author={Dowling, W Jay},
  journal={Music Perception},
  volume={3},
  number={3},
  pages={281--296},
  year={1986},
  publisher={University of California Press}
}

% 75
@article{bartlett1980recognition,
  title={Recognition of transposed melodies: a key-distance effect in developmental perspective.},
  author={Bartlett, James C and Dowling, W Jay},
  journal={Journal of experimental psychology: human perception and performance},
  volume={6},
  number={3},
  pages={501},
  year={1980},
  publisher={American Psychological Association}
}

% 76
@article{dewitt1986recognition,
  title={Recognition of novel melodies after brief delays},
  author={Dewitt, Lucinda A and Crowder, Robert G},
  journal={Music Perception},
  volume={3},
  number={3},
  pages={259--274},
  year={1986},
  publisher={University of California Press}
}

% 77
@article{takeuchi1992key,
  title={Key-distance effects in melody recognition reexamined},
  author={Takeuchi, Annie H and Hulse, Stewart H},
  journal={Music Perception},
  volume={10},
  number={1},
  pages={1--23},
  year={1992},
  publisher={University of California Press}
}

% 78
@inproceedings{van1994similarity,
  title={Similarity judgments on transposed melodies as a function of overlap and key-distance},
  author={Van Egmond, R and Povel, DJ},
  booktitle={Proceedings of the 3rd International Conference on Music Perception and Cognition, Li{\`e}ge},
  pages={219--220},
  year={1994}
}

% 79
@article{cuddy1981perception,
  title={Perception of structure in short melodic sequences.},
  author={Cuddy, Lola L and Cohen, Annabel J and Mewhort, DJK},
  journal={Journal of Experimental Psychology: Human Perception and Performance},
  volume={7},
  number={4},
  pages={869},
  year={1981},
  publisher={American Psychological Association}
}

% 80
@article{bower1969group,
  title={Group structure, coding, and memory for digit series.},
  author={Bower, Gordon H and Winzenz, David},
  journal={Journal of Experimental Psychology},
  volume={80},
  number={2p2},
  pages={1},
  year={1969},
  publisher={American Psychological Association}
}

% 81
@article{mclean1967effects,
  title={Effects of induced chunking on temporal aspects of serial recitation.},
  author={McLean, RS and Gregg, LW},
  journal={Journal of experimental psychology},
  volume={74},
  number={4p1},
  pages={455},
  year={1967},
  publisher={American Psychological Association}
}

% 82
@article{bower1970pauses,
  title={Pauses as recoding points in letter series.},
  author={Bower, Gordon H and Springston, Fred},
  journal={Journal of Experimental Psychology},
  volume={83},
  number={3p1},
  pages={421},
  year={1970},
  publisher={American Psychological Association}
}

% 83
@article{dowling1973rhythmic,
  title={Rhythmic groups and subjective chunks in memory for melodies},
  author={Dowling, W Jay},
  journal={Perception \& Psychophysics},
  volume={14},
  number={1},
  pages={37--40},
  year={1973},
  publisher={Springer}
}

% 84
@article{handel1973temporal,
  title={Temporal segmentation of repeating auditory patterns.},
  author={Handel, Stephen},
  journal={Journal of experimental psychology},
  volume={101},
  number={1},
  pages={46},
  year={1973},
  publisher={American Psychological Association}
}

% 85
@article{restle1972serial,
  title={Serial patterns: The role of phrasing.},
  author={Restle, Frank},
  journal={Journal of Experimental Psychology},
  volume={92},
  number={3},
  pages={385},
  year={1972},
  publisher={American Psychological Association}
}

% 86
@article{bachem1954time,
  title={Time factors in relative and absolute pitch determination},
  author={Bachem, A},
  journal={The Journal of the Acoustical Society of America},
  volume={26},
  number={5},
  pages={751--753},
  year={1954},
  publisher={Acoustical Society of America}
}

% 87
@article{clement1999memory,
  title={Memory for pitch versus memory for loudness},
  author={Cl{\'e}ment, Sylvain and Demany, Laurent and Semal, Catherine},
  journal={The Journal of the Acoustical Society of America},
  volume={106},
  number={5},
  pages={2805--2811},
  year={1999},
  publisher={Acoustical Society of America}
}

% 88
@article{harris1952decline,
  title={The decline of pitch discrimination with time.},
  author={Harris, J Donald},
  journal={Journal of experimental psychology},
  volume={43},
  number={2},
  pages={96},
  year={1952},
  publisher={American Psychological Association}
}

% 89
@article{kaernbach2008decay,
  title={The decay of pitch memory during rehearsal},
  author={Kaernbach, Christian and Schlemmer, Kathrin},
  journal={The Journal of the Acoustical Society of America},
  volume={123},
  number={4},
  pages={1846--1849},
  year={2008},
  publisher={Acoustical Society of America}
}

% 90
@inproceedings{rakowski1994investigating,
  title={Investigating short term auditory memory with the method of vocal pitch control},
  author={Rakowski, A},
  booktitle={Proceedings of the Stockholm Music Acoustics Conference},
  pages={53--57},
  year={1994}
}

% 91
@article{wickelgren1969associative,
  title={Associative strength theory of recognition memory for pitch},
  author={Wickelgren, Wayne A},
  journal={Journal of Mathematical Psychology},
  volume={6},
  number={1},
  pages={13--61},
  year={1969},
  publisher={Elsevier}
}

% 92
@article{deutsch1970deterioration,
  title={The deterioration of pitch information in memory [unpublished doctoral dissertation]},
  author={Deutsch, D},
  journal={San Diego, CA: University of California at San Diego},
  year={1970}
}

% 93
@article{semal1991dissociation,
  title={Dissociation of pitch from timbre in auditory short-term memory},
  author={Semal, Catherine and Demany, Laurent},
  journal={The Journal of the Acoustical Society of America},
  volume={89},
  number={5},
  pages={2404--2410},
  year={1991},
  publisher={Acoustical Society of America}
}

% 94
@article{semal1996speech,
  title={Speech versus nonspeech in pitch memory},
  author={Semal, Catherine and Demany, Laurent and Ueda, Kazuo and Hall{\'e}, Pierre-Andr{\'e}},
  journal={The Journal of the Acoustical Society of America},
  volume={100},
  number={2},
  pages={1132--1140},
  year={1996},
  publisher={Acoustical Society of America}
}

% 96
@article{deutsch1975organization,
  title={The organization of short-term memory for a single acoustic attribute},
  author={Deutsch, Diana},
  journal={Short-term memory},
  pages={107--151},
  year={1975},
  publisher={Academic Press New York}
}

% 99
@article{buonviri2019effects,
  title={Effects of silence, sound, and singing on melodic dictation accuracy},
  author={Buonviri, Nathan O},
  journal={Journal of Research in Music Education},
  volume={66},
  number={4},
  pages={365--374},
  year={2019},
  publisher={Sage Publications Sage CA: Los Angeles, CA}
}

% 100
@article{shatzkin1984interval,
  title={Interval recognition in minimal context},
  author={Shatzkin, Merton},
  journal={Journal of research in music education},
  volume={32},
  number={1},
  pages={5--14},
  year={1984},
  publisher={SAGE Publications Sage CA: Los Angeles, CA}
}

% 101
@article{buttram1969influence,
  title={The influence of selected factors on interval identification},
  author={Buttram, Joe B},
  journal={Journal of Research in Music Education},
  volume={17},
  number={3},
  pages={309--315},
  year={1969},
  publisher={SAGE Publications Sage CA: Los Angeles, CA}
}
